@article{Zemel2010,
  title     = {Optimal matrix rigidity for stress-fibre polarization in stem cells},
  author    = {Zemel, Assaf and Rehfeldt, Florian and Brown, Alexander E.X. and Discher, Dennis E. and Safran, Samuel A.},
  journal   = {Nature Physics},
  volume    = {6},
  number    = {6},
  pages     = {468--473},
  year      = {2010},
  doi       = {10.1038/nphys1613},
  publisher = {Nature Publishing Group}
}
